<?xml version="1.0" encoding="UTF-8"?><collection xmlns="http://www.loc.gov/MARC21/slim"><record><leader>00536nam--2200169-i-4500</leader><controlfield tag="001">000033192</controlfield><controlfield tag="002">20161230</controlfield><controlfield tag="005">20170119001429</controlfield><controlfield tag="008">060222s1000------------r-----000-0-eng-d</controlfield><datafield ind1=" " ind2=" " tag="040"><subfield code="a">IFIN-HH</subfield></datafield><datafield ind1=" " ind2=" " tag="080"><subfield code="a">53.02(07):51-73(07)</subfield></datafield><datafield ind1="1" ind2=" " tag="100"><subfield code="a">Mikhlin, S. G</subfield></datafield><datafield ind1="1" ind2="0" tag="245"><subfield code="a">North-Holland series in applied mathematics and mechanics. Vol. 11. Mathematical physics, an advanced course</subfield><subfield code="c">S.G. Mikhlin</subfield></datafield><datafield ind1=" " ind2=" " tag="260"><subfield code="a">Amsterdam</subfield><subfield code="b">North-Holland Publishing Comp</subfield><subfield code="c">1970</subfield></datafield><datafield ind1=" " ind2=" " tag="300"><subfield code="a">XIV + 561 p</subfield></datafield><datafield ind1=" " ind2=" " tag="852"><subfield code="a">35889</subfield><subfield code="c">53.02</subfield></datafield><datafield ind1=" " ind2=" " tag="CAT"><subfield code="a">SYS</subfield><subfield code="c">20170119</subfield><subfield code="h">001429</subfield></datafield></record></collection>